<record><leader>00000cas a2200000 a 4500</leader><controlfield tag="001">23086212</controlfield><controlfield tag="008">910211d18191822nyuuu ne      0    0eng c</controlfield><datafield ind1=" " ind2=" " tag="010"><subfield code="a">sn 91066142 </subfield></datafield><datafield ind1=" " ind2=" " tag="040"><subfield code="a">NYS</subfield><subfield code="b">eng</subfield><subfield code="c">NYS</subfield><subfield code="d">OCL</subfield><subfield code="d">NYS</subfield><subfield code="d">AQM</subfield><subfield code="d">OCLCQ</subfield><subfield code="d">OCLCF</subfield><subfield code="d">OCLCO</subfield></datafield><datafield ind1=" " ind2=" " tag="019"><subfield code="a">191276988</subfield></datafield><datafield ind1="1" ind2=" " tag="029"><subfield code="a">AU@</subfield><subfield code="b">000026147591</subfield></datafield><datafield ind1=" " ind2=" " tag="042"><subfield code="a">pcc</subfield></datafield><datafield ind1=" " ind2=" " tag="043"><subfield code="a">n-us-ny</subfield></datafield><datafield ind1="0" ind2=" " tag="130"><subfield code="a">Western Republican (Bath, N.Y.)</subfield></datafield><datafield ind1="1" ind2="4" tag="245"><subfield code="a">The western Republican.</subfield></datafield><datafield ind1=" " ind2=" " tag="260"><subfield code="a">Bath, Steuben County, N.Y. :</subfield><subfield code="b">Erastus Shepard</subfield></datafield><datafield ind1=" " ind2=" " tag="300"><subfield code="a">v. ;</subfield><subfield code="c">51 cm.</subfield></datafield><datafield ind1="1" ind2=" " tag="362"><subfield code="a">Began Oct. 6, 1819? Ceased in Aug. of 1822.</subfield></datafield><datafield ind1=" " ind2=" " tag="588"><subfield code="a">Description based on: Vol. 2 (Apr. 18, 1821).</subfield></datafield><datafield ind1=" " ind2="0" tag="651"><subfield code="a">Bath (N.Y.)</subfield><subfield code="v">Newspapers.</subfield></datafield><datafield ind1=" " ind2="0" tag="651"><subfield code="a">Steuben County (N.Y.)</subfield><subfield code="v">Newspapers.</subfield></datafield><datafield ind1=" " ind2="7" tag="655"><subfield code="a">Newspapers.</subfield><subfield code="2">rbgenr</subfield></datafield><datafield ind1=" " ind2="7" tag="655"><subfield code="a">Newspapers.</subfield><subfield code="2">fast</subfield><subfield code="0">(OCoLC)fst01423814</subfield></datafield><datafield ind1=" " ind2="7" tag="651"><subfield code="a">New York (State)</subfield><subfield code="z">Bath.</subfield><subfield code="2">fast</subfield><subfield code="0">(OCoLC)fst01221270</subfield></datafield><datafield ind1=" " ind2="7" tag="651"><subfield code="a">New York (State)</subfield><subfield code="z">Steuben County.</subfield><subfield code="2">fast</subfield><subfield code="0">(OCoLC)fst01216870</subfield></datafield><datafield ind1=" " ind2=" " tag="752"><subfield code="a">United States</subfield><subfield code="b">New York</subfield><subfield code="c">Steuben</subfield><subfield code="d">Bath.</subfield></datafield><datafield ind1="0" ind2="0" tag="785"><subfield code="t">Steuben Republican (Bath, N.Y.)</subfield><subfield code="w">(DLC)sn 87070311</subfield><subfield code="w">(OCoLC)16812294</subfield></datafield></record>